This file was created with JabRef 2.2.
Encoding: MacRoman

@BOOK{jensen2013rentesregning,
  title={Rentesregning: S{\ae}rtryk af 6. udgave},
  author={Jensen, Bjarne Astrup},
  year={2013},
  publisher={Dj{\o}f Forlag}
}

@BOOK{EUkrav,
  title = {Europa-parlamentets og rådets forordning (EU) nr. 575/2013 af 26. juni 2013 om tilsynsmæssige krav til kreditinstitutter og investeringsselskaber og om ændring af forordning (EU) nr. 648/2012},
  author={EU legislation},
  year = {2012}
}

@misc{ECBC2021,
author = {ECBC},
title = {European Covered Bond Fact Bbook 2021},
howpublished = {\url{https://hypo.org/app/uploads/sites/3/2021/09/ECBC-Fact-Book-2021-FINAL.pdf}},
month = {},
year = {2021}
}


@misc{NALEN2021,
author = {Tjørnum, Mathias},
title = {Lille fald i udenlandsk ejerandel af dansk realkredit},
year = {2021}
}

@article{dick2012corporate,
  title={Corporate bond liquidity before and after the onset of the subprime crisis},
  author={Dick-Nielsen, Jens and Feldh{\"u}tter, Peter and Lando, David},
  journal={Journal of Financial Economics},
  volume={103},
  number={3},
  pages={471--492},
  year={2012},
  publisher={Elsevier}
}

@article{Gundersen2011,
  title={Danish Mortgage Credit},
  author={Gundersen, Poul and  Hesselberg, Stig and Hove, Sean},
  journal={Monetary Review},
  year={2011},
  publisher={Nationalbanken}
}

@article{Borre2017,
  title={Boligejere går efter sikre lån},
  author={Borre, Jeppe},
  year={2017},
  publisher={Nykredit}
}

@article{sherris1994pricing,
  title={Pricing and hedging loan prepayment risk},
  author={SHERRIS, MICHAEL},
  journal={Transactions of society of actuaries},
  year={1994}
}

@article{consalvi2010measuring,
  title={Measuring prepayment risk: an application to UniCredit Family Financing},
  author={Consalvi, Matteo and di Freca, G Scotto},
  journal={UniCredit and Universities, Working Paper},
  year={2010}
}

@book{jakobsen1992prepayment,
  title={Prepayment and the valuation of Danish mortgage-backed bonds},
  author={Jakobsen, Svend},
  year={1992},
  publisher={Aarhus School of Business}
}

@article{levin2005prepayment,
  title={Prepayment risk-and option-adjusted valuation of MBS},
  author={Levin, Alexander and Davidson, Andrew},
  journal={The Journal of Portfolio Management},
  volume={31},
  number={4},
  pages={73--85},
  year={2005},
  publisher={Institutional Investor Journals Umbrella}
}

@book{mcneil2015quantitative,
  title={Quantitative risk management: concepts, techniques and tools-revised edition},
  author={McNeil, Alexander J and Frey, R{\"u}diger and Embrechts, Paul},
  year={2015},
  publisher={Princeton university press}
}

@article{wade2007smoothing,
  title={On smoothing of the Crank--Nicolson scheme and higher order schemes for pricing barrier options},
  author={Wade, BA and Khaliq, AQM and Yousuf, M and Vigo-Aguiar, Jes{\'u}s and Deininger, R},
  journal={Journal of Computational and Applied Mathematics},
  volume={204},
  number={1},
  pages={144--158},
  year={2007},
  publisher={Elsevier}
}

@book{brigo2006interest,
  title={Interest rate models-theory and practice: with smile, inflation and credit},
  author={Brigo, Damiano and Mercurio, Fabio},
  volume={2},
  year={2006},
  publisher={Springer}
}

@article{jamshidian1989exact,
  title={An exact bond option formula},
  author={Jamshidian, Farshid},
  journal={The journal of Finance},
  volume={44},
  number={1},
  pages={205--209},
  year={1989},
  publisher={Wiley Online Library}
}

@article{merton1973theory,
  title={Theory of rational option pricing},
  author={Merton, Robert C},
  journal={The Bell Journal of economics and management science},
  pages={141--183},
  year={1973},
  publisher={JSTOR}
}

@article{cox1985theory,
  title={A Theory of the Term Structure of Interest Rates},
  author={Cox, John C and Ingersoll Jr, Jonathan E and Ross, Stephen A},
  journal={Econometrica},
  volume={53},
  number={2},
  pages={385--408},
  year={1985}
}

@article{hull1990pricing,
  title={Pricing interest-rate-derivative securities},
  author={Hull, John and White, Alan},
  journal={The review of financial studies},
  volume={3},
  number={4},
  pages={573--592},
  year={1990},
  publisher={Oxford University Press}
}

@article{hagan2002managing,
  title={Managing smile risk},
  author={Hagan, Patrick S and Kumar, Deep and Lesniewski, Andrew S and Woodward, Diana E},
  journal={The Best of Wilmott},
  volume={1},
  pages={249--296},
  year={2002}
}

@article{heston1993closed,
  title={A closed-form solution for options with stochastic volatility with applications to bond and currency options},
  author={Heston, Steven L},
  journal={The review of financial studies},
  volume={6},
  number={2},
  pages={327--343},
  year={1993},
  publisher={Oxford University Press}
}

@article{stanton1995rational,
  title={Rational prepayment and the valuation of mortgage-backed securities},
  author={Stanton, Richard},
  journal={The Review of financial studies},
  volume={8},
  number={3},
  pages={677--708},
  year={1995},
  publisher={Oxford University Press}
}